@book{rosen2018discrete,
  author    = {Kenneth H. Rosen},
  title     = {Discrete Mathematics and Its Applications},
  edition   = {8th},
  publisher = {McGraw-Hill Education},
  year      = {2019},
  isbn      = {125967651X}
}
@misc{knitterstream,
  title = {2013 One Show - Design Award to KnitterStream},
  year = {2013},
  url = {https://www.oneclub.org/awards/theoneshow/-award/19603/knitterstream},
  note = {Sótt 21. ágúst 2024}
}

@misc{bamberg,
  author = {Backspace},
  title = {Passap pfaff e6000},
  url = {https://www.hackerspace-bamberg.de/Passap_pfaff_e6000},
  note = {Sótt 21. ágúst 2024},
  address={Bamberg, Þýskaland}
}

@misc{irene,
  author = {Irene Wolf},
  title = {Passap E6000 Rebuild and Replaced Console},
  url = {https://hackaday.io/project/163701-passap-e6000-rebuilt-and-replaced-console},
  note = {Sótt 21. ágúst 2024}
}

@misc{kniterate,
  title = {Kniterate},
  url = {https://www.kniterate.com/about/},
  note = {Sótt 21. ágúst 2024}
}

@book{Sjonabok,
    author = {Heimilisiðnaðarfélagið, Þjóðminjasafn Íslands, Listaháskóli Íslands},
    title = {Íslensk Sjónabók – Ornaments and Patterns Found in Iceland},
    publisher = {Heimilisiðnaðarfélag Íslands},
    address = {Reykjavík},
    year = 2009
}

@article{FloydSteinberg,
  author    = {R. W. Floyd and L. Steinberg},
  title     = {An adaptive algorithm for spatial grey scale},
  journal   = {Proceedings of the Society of Information Display},
  volume    = {17},
  pages     = {75--77},
  year      = {1976}
}


@article{designthinking,
  title={Change by design},
  author={Brown, Tim and Katz, Barry},
  journal={Journal of product innovation management},
  volume={28},
  number={3},
  pages={381--383},
  year={2011},
  publisher={Wiley Online Library}
}